@book{quinn1994parallel,
  title={Parallel computing theory and practice},
  author={Quinn, Michael J},
  year={1994},
  publisher={McGraw-Hill, Inc.}
}

@book{golub2014scientific,
  title={Scientific computing: an introduction with parallel computing},
  author={Golub, Gene H and Ortega, James M},
  year={2014},
  publisher={Elsevier}
}

@article{harvey2014,
  author = {Harvey, David},
  title = {Faster arithmetic for number-theoretic transforms},
  journal = {Journal of Symbolic Computation},
  volume = {60},
  pages = {113--119},
  year = {2014},
  publisher = {Elsevier}
}

@inproceedings{longa2016,
  author = {Longa, Patrick and Naehrig, Michael},
  title = {Speeding up the {Number Theoretic Transform} for {Faster Ideal Lattice-Based Cryptography}},
  booktitle = {Cryptology and Network Security (CANS 2016)},
  series = {Lecture Notes in Computer Science},
  volume = {10052},
  pages = {124--139},
  year = {2016},
  publisher = {Springer}
}

@article{arm-neon,
  title={ARM NEON intrinsics reference},
  author={ARM Limited},
  year={2023},
  publisher={ARM Limited},
  url={https://developer.arm.com/architectures/instruction-sets/intrinsics/}
}

@misc{intel-avx2,
  author = {{Intel Corporation}},
  title = {{Intel Intrinsics Guide}},
  howpublished = {\url{https://www.intel.com/content/www/us/en/docs/intrinsics-guide/index.html}},
  note = {在线资源},
  year = {2023},
  urldate = {2023-12-15}
}

@article{zhang2022,
  author = {Zhang, Xin and Wang, Cheng and Shen, Yifeng},
  title = {Fast Implementation of Multiplication on Polynomial Rings},
  journal = {Security and Communication Networks},
  volume = {2022},
  pages = {Article ID 4649158},
  year = {2022},
  publisher = {Hindawi}
}

@misc{wu2023,
  author = {Wu, Charles},
  title = {再探 {FFT} - {DIT} 与 {DIF}，另种推导和优化},
  howpublished = {Charles Wu的博客},
  year = {2023},
  month = {Apr},
  note = {\url{https://charleswu.site/archives/3065}}
}

@article{ntt-intro,
  title={The Number Theoretic Transform},
  author={Nussbaumer, Henri J.},
  journal={IEEE Transactions on Acoustics, Speech, and Signal Processing},
  volume={29},
  number={2},
  pages={330--337},
  year={1981},
  publisher={IEEE}
}

@article{ntt-fft,
  title={Fast algorithms for digital signal processing},
  author={Blahut, Richard E.},
  journal={Addison-Wesley},
  year={1985}
}

@inproceedings{homomorphic,
  title={Homomorphic encryption for arithmetic of approximate numbers},
  author={Cheon, Jung Hee and Kim, Andrey and Kim, Miran and Song, Yongsoo},
  booktitle={International Conference on the Theory and Application of Cryptology and Information Security},
  pages={409--437},
  year={2017},
  organization={Springer}
}

@article{avx,
  title={Intel Advanced Vector Extensions programming reference},
  author={Intel Corporation},
  year={2011},
  publisher={Intel Corporation}
}

@inproceedings{barrett,
  title={Implementing the Rivest Shamir and Adleman public key encryption algorithm on a standard digital signal processor},
  author={Barrett, Paul},
  booktitle={Conference on the Theory and Application of Cryptographic Techniques},
  pages={311--323},
  year={1986},
  organization={Springer}
}

@article{montgomery,
  title={Modular multiplication without trial division},
  author={Montgomery, Peter L.},
  journal={Mathematics of Computation},
  volume={44},
  number={170},
  pages={519--521},
  year={1985}
}

@misc{cpu-wiki,
	author = "{Wikipedia contributors}",
	title = "Central processing unit --- {Wikipedia}{,} The Free Encyclopedia",
	year = "2025",
	url = "https://en.wikipedia.org/w/index.php?title=Central_processing_unit&oldid=1280959854",
	note = "[Online; accessed 20-March-2025]"
}

@misc{gpu-wiki,
	author = "{Wikipedia contributors}",
	title = "Graphics processing unit --- {Wikipedia}{,} The Free Encyclopedia",
	year = "2025",
	url = "https://en.wikipedia.org/w/index.php?title=Graphics_processing_unit&oldid=1281056586",
	note = "[Online; accessed 20-March-2025]"
}

@article{gong2022,
	title = {后摩尔时代国产高性能并行应用软件生态建设综述},
	volume = {34},
	issn = {1004-731X},
	url = {https://www.china-simulation.com/CN/10.16182/j.issn1004731x.joss.21-1365},
	doi = {10.16182/j.issn1004731x.joss.21-1365},
	language = {zh},
	number = {10},
	urldate = {2025-03-16},
	journal = {系统仿真学报},
	author = {{龚春叶} and {刘杰} and {包为民} and {潘冬梅} and {甘新标} and {李胜国} and {陈旭光} and {肖调杰} and {杨博} and {王睿伯}},
	month = oct,
	year = {2022},
	keywords = {并行应用软件, 高性能计算, 后摩尔时代, 软件生态, 软硬件协同},
	pages = {2107}
}

@incollection{joseph2022parallel,
  title={Parallel Faces Recognition Attendance System with Anti-Spoofing Using Convolutional Neural Network},
  author={Joseph, Stephen Bassi and Dada, Emmanuel Gbenga and Misra, Sanjay and Ajoka, Samuel},
  booktitle={Illumination of Artificial Intelligence in Cybersecurity and Forensics},
  pages={123--137},
  year={2022},
  publisher={Springer}
}

@misc{he2021structure,
      title={A structure preserving numerical scheme for Fokker-Planck equations of structured neural networks with learning rules}, 
      author={Qing He and Jingwei Hu and Zhennan Zhou},
      year={2021},
      eprint={2109.04667},
      archivePrefix={arXiv},
      primaryClass={math.NA}
}