@article{harvey2014,
  author = {Harvey, David},
  title = {Faster arithmetic for number-theoretic transforms},
  journal = {Journal of Symbolic Computation},
  volume = {60},
  pages = {113--119},
  year = {2014},
  publisher = {Elsevier}
}

@inproceedings{longa2016,
  author = {Longa, Patrick and Naehrig, Michael},
  title = {Speeding up the {Number Theoretic Transform} for {Faster Ideal Lattice-Based Cryptography}},
  booktitle = {Cryptology and Network Security (CANS 2016)},
  series = {Lecture Notes in Computer Science},
  volume = {10052},
  pages = {124--139},
  year = {2016},
  publisher = {Springer}
}

@article{arm-neon,
  title={ARM NEON intrinsics reference},
  author={ARM Limited},
  year={2023},
  publisher={ARM Limited},
  url={https://developer.arm.com/architectures/instruction-sets/intrinsics/}
}

@misc{intel-avx2,
  author = {{Intel Corporation}},
  title = {{Intel Intrinsics Guide}},
  howpublished = {\url{https://www.intel.com/content/www/us/en/docs/intrinsics-guide/index.html}},
  note = {在线资源},
  year = {2023},
  urldate = {2023-12-15}
}

@misc{ntt-guide,
  title={NTT实验指导书},
  author={并行与分布式计算课程组},
  year={2024},
  publisher={浙江大学计算机科学与技术学院}
}

@article{zhang2022,
  author = {Zhang, Xin and Wang, Cheng and Shen, Yifeng},
  title = {Fast Implementation of Multiplication on Polynomial Rings},
  journal = {Security and Communication Networks},
  volume = {2022},
  pages = {Article ID 4649158},
  year = {2022},
  publisher = {Hindawi}
}

@misc{wu2023,
  author = {Wu, Charles},
  title = {再探 {FFT} - {DIT} 与 {DIF}，另种推导和优化},
  howpublished = {Charles Wu的博客},
  year = {2023},
  month = {Apr},
  note = {\url{https://charleswu.site/archives/3065}}
}

@article{ntt-intro,
  title={The Number Theoretic Transform},
  author={Nussbaumer, Henri J.},
  journal={IEEE Transactions on Acoustics, Speech, and Signal Processing},
  volume={29},
  number={2},
  pages={330--337},
  year={1981},
  publisher={IEEE}
}

@article{ntt-fft,
  title={Fast algorithms for digital signal processing},
  author={Blahut, Richard E.},
  journal={Addison-Wesley},
  year={1985}
}

@inproceedings{homomorphic,
  title={Homomorphic encryption for arithmetic of approximate numbers},
  author={Cheon, Jung Hee and Kim, Andrey and Kim, Miran and Song, Yongsoo},
  booktitle={International Conference on the Theory and Application of Cryptology and Information Security},
  pages={409--437},
  year={2017},
  organization={Springer}
}

@article{avx,
  title={Intel Advanced Vector Extensions programming reference},
  author={Intel Corporation},
  year={2011},
  publisher={Intel Corporation}
}

@inproceedings{barrett,
  title={Implementing the Rivest Shamir and Adleman public key encryption algorithm on a standard digital signal processor},
  author={Barrett, Paul},
  booktitle={Conference on the Theory and Application of Cryptographic Techniques},
  pages={311--323},
  year={1986},
  organization={Springer}
}

@article{montgomery,
  title={Modular multiplication without trial division},
  author={Montgomery, Peter L.},
  journal={Mathematics of Computation},
  volume={44},
  number={170},
  pages={519--521},
  year={1985}
}

@misc{openeuler,
  title={openEuler operating system},
  author={Huawei Technologies Co., Ltd.},
  year={2022},
  url={https://www.openeuler.org/}
}
